@article{alberti2015improved,
  title={Improved transition-based parsing and tagging with neural networks},
  author={Alberti, Chris and Weiss, David and Petrov, Slav},
  year={2015},
  publisher={Citeseer}
}

@article{bojanowski2016enriching,
  title={Enriching word vectors with subword information},
  author={Bojanowski, Piotr and Grave, Edouard and Joulin, Armand and Mikolov, Tomas},
  journal={arXiv preprint arXiv:1607.04606},
  year={2016}
}

@inproceedings{chen2014fast,
  title={A Fast and Accurate Dependency Parser using Neural Networks.},
  author={Chen, Danqi and Manning, Christopher D},
  booktitle={EMNLP},
  pages={740--750},
  year={2014}
}

@misc{chollet2015keras,
  title={Keras},
  author={Chollet, Fran\c{c}ois and others},
  year={2015},
  publisher={GitHub},
  howpublished={\url{https://github.com/fchollet/keras}},
}

@article{goodfellow2013maxout,
  title={Maxout networks},
  author={Goodfellow, Ian J and Warde-Farley, David and Mirza, Mehdi and Courville, Aaron and Bengio, Yoshua},
  journal={arXiv preprint arXiv:1302.4389},
  year={2013}
}

@inproceedings{he2015delving,
  title={Delving deep into rectifiers: Surpassing human-level performance on imagenet classification},
  author={He, Kaiming and Zhang, Xiangyu and Ren, Shaoqing and Sun, Jian},
  booktitle={Proceedings of the IEEE international conference on computer vision},
  pages={1026--1034},
  year={2015}
}

@article{kingma2014adam,
  title={Adam: A method for stochastic optimization},
  author={Kingma, Diederik and Ba, Jimmy},
  journal={arXiv preprint arXiv:1412.6980},
  year={2014}
}

@InProceedings{ling2015naacl,
  author = {Ling, Wang and Dyer, Chris and Black, Alan and Trancoso, Isabel},
  title="Two/Too Simple Adaptations of word2vec for Syntax Problems",
  booktitle="Proceedings of the 2015 Conference of the North American Chapter of the Association for Computational Linguistics: Human Language Technologies",
  year="2015",
  publisher="Association for Computational Linguistics",
  location="Denver, Colorado",
}

@inproceedings{mikolov2013distributed,
  title={Distributed representations of words and phrases and their compositionality},
  author={Mikolov, Tomas and Sutskever, Ilya and Chen, Kai and Corrado, Greg S and Dean, Jeff},
  booktitle={Advances in neural information processing systems},
  pages={3111--3119},
  year={2013}
}

@article{mikolov2013efficient,
  title={Efficient estimation of word representations in vector space},
  author={Mikolov, Tomas and Chen, Kai and Corrado, Greg and Dean, Jeffrey},
  journal={arXiv preprint arXiv:1301.3781},
  year={2013}
}

@inproceedings{nivre2006maltparser,
  title={Maltparser: A data-driven parser-generator for dependency parsing},
  author={Nivre, Joakim and Hall, Johan and Nilsson, Jens},
  booktitle={Proceedings of LREC},
  volume={6},
  pages={2216--2219},
  year={2006}
}

@article{nivre2008algorithms,
  title={Algorithms for deterministic incremental dependency parsing},
  author={Nivre, Joakim},
  journal={Computational Linguistics},
  volume={34},
  number={4},
  pages={513--553},
  year={2008},
  publisher={MIT Press}
}

@inproceedings{nivre2009improved,
  title={An improved oracle for dependency parsing with online reordering},
  author={Nivre, Joakim and Kuhlmann, Marco and Hall, Johan},
  booktitle={Proceedings of the 11th international conference on parsing technologies},
  pages={73--76},
  year={2009},
  organization={Association for Computational Linguistics}
}

@inproceedings{nivre2009non,
  title={Non-projective dependency parsing in expected linear time},
  author={Nivre, Joakim},
  booktitle={Proceedings of the Joint Conference of the 47th Annual Meeting of the ACL and the 4th International Joint Conference on Natural Language Processing of the AFNLP: Volume 1-Volume 1},
  pages={351--359},
  year={2009},
  organization={Association for Computational Linguistics}
}

@article{srivastava2014dropout,
  title={Dropout: a simple way to prevent neural networks from overfitting.},
  author={Srivastava, Nitish and Hinton, Geoffrey E and Krizhevsky, Alex and Sutskever, Ilya and Salakhutdinov, Ruslan},
  journal={Journal of Machine Learning Research},
  volume={15},
  number={1},
  pages={1929--1958},
  year={2014}
}

@misc{tensorflow2015-whitepaper,
title={ {TensorFlow}: Large-Scale Machine Learning on Heterogeneous Systems},
url={http://tensorflow.org/},
note={Software available from tensorflow.org},
author={
    Mart\'{\i}n~Abadi and
    Ashish~Agarwal and
    Paul~Barham and
    Eugene~Brevdo and
    Zhifeng~Chen and
    Craig~Citro and
    Greg~S.~Corrado and
    Andy~Davis and
    Jeffrey~Dean and
    Matthieu~Devin and
    Sanjay~Ghemawat and
    Ian~Goodfellow and
    Andrew~Harp and
    Geoffrey~Irving and
    Michael~Isard and
    Yangqing Jia and
    Rafal~Jozefowicz and
    Lukasz~Kaiser and
    Manjunath~Kudlur and
    Josh~Levenberg and
    Dan~Man\'{e} and
    Rajat~Monga and
    Sherry~Moore and
    Derek~Murray and
    Chris~Olah and
    Mike~Schuster and
    Jonathon~Shlens and
    Benoit~Steiner and
    Ilya~Sutskever and
    Kunal~Talwar and
    Paul~Tucker and
    Vincent~Vanhoucke and
    Vijay~Vasudevan and
    Fernanda~Vi\'{e}gas and
    Oriol~Vinyals and
    Pete~Warden and
    Martin~Wattenberg and
    Martin~Wicke and
    Yuan~Yu and
    Xiaoqiang~Zheng},
  year={2015},
}

@inproceedings{ud,
  author    = {Nivre, Joakim and de Marneffe, Marie-Catherine and Ginter, Filip and Goldberg, Yoav and Haji{\v{c}}, Jan and Manning, Christopher and McDonald, Ryan and Petrov, Slav and Pyysalo, Sampo and Silveira, Natalia and Tsarfaty, Reut and Zeman, Daniel},
  year      = {2016},
  title     = {{Universal Dependencies} v1: A Multilingual Treebank Collection},
  booktitle = {Proceedings of the 10th International Conference on Language Resources and Evaluation ({LREC} 2016)},
  address   = {Portorož, Slovenia},
  publisher = {European Language Resources Association},
  pages     = {1659--1666},
  isbn      = {978-2-9517408-9-1}
}

@misc{ud20data,
  title  = {{Universal Dependencies 2.0}},
  year = {2017},
  author = {Nivre, Joakim and others},
  authorall = {Nivre, Joakim and Agi{\'c}, {\v Z}eljko and Ahrenberg, Lars and Aranzabe, Maria Jesus and Asahara, Masayuki and Atutxa, Aitziber and Ballesteros, Miguel and Bauer, John and Bengoetxea, Kepa and Bhat, Riyaz Ahmad and Bick, Eckhard and Bosco, Cristina and Bouma, Gosse and Bowman, Sam and Candito, Marie and Cebiroğlu Eryiğit, G{\"u}l{\c s}en and Celano, Giuseppe G. A. and Chalub, Fabricio and Choi, Jinho and {\c C}{\"o}ltekin, {\c C}ağrı and Connor, Miriam and Davidson, Elizabeth and de Marneffe, Marie-Catherine and de Paiva, Valeria and Diaz de Ilarraza, Arantza and Dobrovoljc, Kaja and Dozat, Timothy and Droganova, Kira and Dwivedi, Puneet and Eli, Marhaba and Erjavec, Toma{\v z} and Farkas, Rich{\'a}rd and Foster, Jennifer and Freitas, Cl{\'a}udia and Gajdo{\v s}ov{\'a}, Katar{\'i}na and Galbraith, Daniel and Garcia, Marcos and Ginter, Filip and Goenaga, Iakes and Gojenola, Koldo and G{\"o}kırmak, Memduh and Goldberg, Yoav and G{\'o}mez Guinovart, Xavier and Gonz{\'a}les Saavedra, Berta and Grioni, Matias and Gr{\=u}z{\=i}tis, Normunds and Guillaume, Bruno and Habash, Nizar and Haji{\v c}, Jan and H{\`a} Mỹ, Linh and Haug, Dag and Hladk{\'a}, Barbora and Hohle, Petter and Ion, Radu and Irimia, Elena and Johannsen, Anders and J{\o}rgensen, Fredrik and Ka{\c s}ıkara, H{\"u}ner and Kanayama, Hiroshi and Kanerva, Jenna and Kotsyba, Natalia and Krek, Simon and Laippala, Veronika and L{\^e} Hồng, Phương and Lenci, Alessandro and Ljube{\v s}i{\'c}, Nikola and Lyashevskaya, Olga and Lynn, Teresa and Makazhanov, Aibek and Manning, Christopher and M{\u a}r{\u a}nduc, C{\u a}t{\u a}lina and Mare{\v c}ek, David and Mart{\'i}nez Alonso, H{\'e}ctor and Martins, Andr{\'e} and Ma{\v s}ek, Jan and Matsumoto, Yuji and {McDonald}, Ryan and Missil{\"a}, Anna and Mititelu, Verginica and Miyao, Yusuke and Montemagni, Simonetta and More, Amir and Mori, Shunsuke and Moskalevskyi, Bohdan and Muischnek, Kadri and Mustafina, Nina and M{\"u}{\"u}risep, Kaili and Nguyễn Thị, Lương and Nguyễn Thị Minh, Huyền and Nikolaev, Vitaly and Nurmi, Hanna and Ojala, Stina and Osenova, Petya and {\O}vrelid, Lilja and Pascual, Elena and Passarotti, Marco and Perez, Cenel-Augusto and Perrier, Guy and Petrov, Slav and Piitulainen, Jussi and Plank, Barbara and Popel, Martin and Pretkalniņa, Lauma and Prokopidis, Prokopis and Puolakainen, Tiina and Pyysalo, Sampo and Rademaker, Alexandre and Ramasamy, Loganathan and Real, Livy and Rituma, Laura and Rosa, Rudolf and Saleh, Shadi and Sanguinetti, Manuela and Saul{\=i}te, Baiba and Schuster, Sebastian and Seddah, Djam{\'e} and Seeker, Wolfgang and Seraji, Mojgan and Shakurova, Lena and Shen, Mo and Sichinava, Dmitry and Silveira, Natalia and Simi, Maria and Simionescu, Radu and Simk{\'o}, Katalin and {\v S}imkov{\'a}, M{\'a}ria and Simov, Kiril and Smith, Aaron and Suhr, Alane and Sulubacak, Umut and Sz{\'a}nt{\'o}, Zsolt and Taji, Dima and Tanaka, Takaaki and Tsarfaty, Reut and Tyers, Francis and Uematsu, Sumire and Uria, Larraitz and van Noord, Gertjan and Varga, Viktor and Vincze, Veronika and Washington, Jonathan North and {\v Z}abokrtsk{\'y}, Zden{\v e}k and Zeldes, Amir and Zeman, Daniel and Zhu, Hanzhi},
  url  = {http://hdl.handle.net/11234/1-1983},
  note = {{LINDAT}/{CLARIN} digital library at the Institute of Formal and Applied Linguistics, Charles University, Prague, \url{http://hdl.handle.net/11234/1-1983}},
  copyright = {Licence Universal Dependencies v2.0},
}

@misc{ud20testdata,
  title = {Universal Dependencies 2.0 – {CoNLL} 2017 Shared Task Development and Test Data},
  author = {Nivre, Joakim and Agi{\'c}, {\v Z}eljko and Ahrenberg, Lars and others},
  authorall = {Nivre, Joakim and Agi{\'c}, {\v Z}eljko and Ahrenberg, Lars and Antonsen, Lene and Aranzabe, Maria Jesus and Asahara, Masayuki and Ateyah, Luma and Attia, Mohammed and Atutxa, Aitziber and Badmaeva, Elena and Ballesteros, Miguel and Banerjee, Esha and Bank, Sebastian and Bauer, John and Bengoetxea, Kepa and Bhat, Riyaz Ahmad and Bick, Eckhard and Bosco, Cristina and Bouma, Gosse and Bowman, Sam and Burchardt, Aljoscha and Candito, Marie and Caron, Gauthier and Cebiroğlu Eryiğit, G{\"u}l{\c s}en and Celano, Giuseppe G. A. and Cetin, Savas and Chalub, Fabricio and Choi, Jinho and Cho, Yongseok and Cinkov{\'a}, Silvie and {\c C}{\"o}ltekin, {\c C}ağrı and Connor, Miriam and de Marneffe, Marie-Catherine and de Paiva, Valeria and Diaz de Ilarraza, Arantza and Dobrovoljc, Kaja and Dozat, Timothy and Droganova, Kira and Eli, Marhaba and Elkahky, Ali and Erjavec, Toma{\v z} and Farkas, Rich{\'a}rd and Fernandez Alcalde, Hector and Foster, Jennifer and Freitas, Cl{\'a}udia and Gajdo{\v s}ov{\'a}, Katar{\'i}na and Galbraith, Daniel and Garcia, Marcos and Ginter, Filip and Goenaga, Iakes and Gojenola, Koldo and G{\"o}kırmak, Memduh and Goldberg, Yoav and G{\'o}mez Guinovart, Xavier and Gonz{\'a}les Saavedra, Berta and Grioni, Matias and Gr{\=u}z{\=i}tis, Normunds and Guillaume, Bruno and Habash, Nizar and Haji{\v c}, Jan and Haji{\v c} jr., Jan and H{\`a} Mỹ, Linh and Harris, Kim and Haug, Dag and Hladk{\'a}, Barbora and Hlav{\'a}{\v c}ov{\'a}, Jaroslava and Hohle, Petter and Ion, Radu and Irimia, Elena and Johannsen, Anders and J{\o}rgensen, Fredrik and Ka{\c s}ıkara, H{\"u}ner and Kanayama, Hiroshi and Kanerva, Jenna and Kayadelen, Tolga and Kettnerov{\'a}, V{\'a}clava and Kirchner, Jesse and Kotsyba, Natalia and Krek, Simon and Kwak, Sookyoung and Laippala, Veronika and Lambertino, Lorenzo and Lando, Tatiana and L{\^e} Hồng, Phương and Lenci, Alessandro and Lertpradit, Saran and Leung, Herman and Li, Cheuk Ying and Li, Josie and Ljube{\v s}i{\'c}, Nikola and Loginova, Olga and Lyashevskaya, Olga and Lynn, Teresa and Macketanz, Vivien and Makazhanov, Aibek and Mandl, Michael and Manning, Christopher and Manurung, Ruli and M{\u a}r{\u a}nduc, C{\u a}t{\u a}lina and Mare{\v c}ek, David and Marheinecke, Katrin and Mart{\'i}nez Alonso, H{\'e}ctor and Martins, Andr{\'e} and Ma{\v s}ek, Jan and Matsumoto, Yuji and {McDonald}, Ryan and Mendon{\c c}a, Gustavo and Missil{\"a}, Anna and Mititelu, Verginica and Miyao, Yusuke and Montemagni, Simonetta and More, Amir and Moreno Romero, Laura and Mori, Shunsuke and Moskalevskyi, Bohdan and Muischnek, Kadri and Mustafina, Nina and M{\"u}{\"u}risep, Kaili and Nainwani, Pinkey and Nedoluzhko, Anna and Nguyễn Thị, Lương and Nguyễn Thị Minh, Huyền and Nikolaev, Vitaly and Nitisaroj, Rattima and Nurmi, Hanna and Ojala, Stina and Osenova, Petya and {\O}vrelid, Lilja and Pascual, Elena and Passarotti, Marco and Perez, Cenel-Augusto and Perrier, Guy and Petrov, Slav and Piitulainen, Jussi and Pitler, Emily and Plank, Barbara and Popel, Martin and Pretkalniņa, Lauma and Prokopidis, Prokopis and Puolakainen, Tiina and Pyysalo, Sampo and Rademaker, Alexandre and Real, Livy and Reddy, Siva and Rehm, Georg and Rinaldi, Larissa and Rituma, Laura and Rosa, Rudolf and Rovati, Davide and Saleh, Shadi and Sanguinetti,
 Manuela and Saul{\=i}te, Baiba and Sawanakunanon, Yanin and Schuster, Sebastian and Seddah, Djam{\'e} and Seeker, Wolfgang and Seraji, Mojgan and Shakurova, Lena and Shen, Mo and Shimada, Atsuko and Shohibussirri, Muh and Silveira, Natalia and Simi, Maria and Simionescu, Radu and Simk{\'o}, Katalin and {\v S}imkov{\'a}, M{\'a}ria and Simov, Kiril and Smith, Aaron and Stella, Antonio and Strnadov{\'a}, Jana and Suhr, Alane and Sulubacak, Umut and Sz{\'a}nt{\'o}, Zsolt and Taji, Dima and Tanaka, Takaaki and Trosterud, Trond and Trukhina, Anna and Tsarfaty, Reut and Tyers, Francis and Uematsu, Sumire and Ure{\v s}ov{\'a}, Zde{\v n}ka and Uria, Larraitz and Uszkoreit, Hans and van Noord, Gertjan and Varga, Viktor and Vincze, Veronika and Washington, Jonathan North and Yu, Zhuoran and {\v Z}abokrtsk{\'y}, Zden{\v e}k and Zeman, Daniel and Zhu, Hanzhi},
  url = {http://hdl.handle.net/11234/1-2184},
  note = {{LINDAT}/{CLARIN} digital library at the Institute of Formal and Applied Linguistics, Charles University},
  copyright = {Licence Universal Dependencies v2.0},
  year = {2017}
}

@InProceedings{udparsing:2015,
  author    = {Straka, Milan and Haji\v{c}, Jan and Strakov\'{a}, Jana and Haji\v{c} jr., Jan},
  title     = {Parsing Universal Dependency Treebanks using Neural Networks and Search-Based Oracle},
  booktitle = {Proceedings of Fourteenth International Workshop on Treebanks and Linguistic Theories ({TLT\,14})},
  month     = {December},
  year      = {2015},
}

@inproceedings{udpipe,
  author    = {Straka, Milan and Haji\v{c}, Jan and Strakov\'{a}, Jana},
  year      = {2016},
  title     = {{UDPipe:} Trainable Pipeline for Processing {CoNLL-U} Files
      Performing Tokenization, Morphological Analysis, {POS} Tagging and Parsing},
  booktitle = {Proceedings of the 10th International Conference on Language Resources and Evaluation ({LREC} 2016)},
  address   = {Portorož, Slovenia},
  publisher = {European Language Resources Association},
  isbn      = {978-2-9517408-9-1}
}

@InProceedings{udst:overview,
  author    = {Zeman, Daniel  and  Popel, Martin  and  Straka, Milan  and  Hajic, Jan  and  Nivre, Joakim  and  Ginter, Filip  and  Luotolahti, Juhani  and  Pyysalo, Sampo  and  Petrov, Slav  and  Potthast, Martin  and  Tyers, Francis  and  Badmaeva, Elena  and  Gokirmak, Memduh  and  Nedoluzhko, Anna  and  Cinkova, Silvie  and  Hajic jr., Jan  and  Hlavacova, Jaroslava  and  Kettnerov\'{a}, V\'{a}clava  and  Uresova, Zdenka  and  Kanerva, Jenna  and  Ojala, Stina  and  Missil\"{a}, Anna  and  Manning, Christopher D.  and  Schuster, Sebastian  and  Reddy, Siva  and  Taji, Dima  and  Habash, Nizar  and  Leung, Herman  and  de Marneffe, Marie-Catherine  and  Sanguinetti, Manuela  and  Simi, Maria  and  Kanayama, Hiroshi  and  dePaiva, Valeria  and  Droganova, Kira  and  Mart\'{i}nez Alonso, H\'{e}ctor  and  \c{C}\"{o}ltekin, \c{C}a\u{g}rÄ±  and  Sulubacak, Umut  and  Uszkoreit, Hans  and  Macketanz, Vivien  and  Burchardt, Aljoscha  and  Harris, Kim  and  Marheinecke, Katrin  and  Rehm, Georg  and  Kayadelen, Tolga  and  Attia, Mohammed  and  Elkahky, Ali  and  Yu, Zhuoran  and  Pitler, Emily  and  Lertpradit, Saran  and  Mandl, Michael  and  Kirchner, Jesse  and  Alcalde, Hector Fernandez  and  Strnadov\'{a}, Jana  and  Banerjee, Esha  and  Manurung, Ruli  and  Stella, Antonio  and  Shimada, Atsuko  and  Kwak, Sookyoung  and  Mendonca, Gustavo  and  Lando, Tatiana  and  Nitisaroj, Rattima  and  Li, Josie},
  title     = {CoNLL 2017 Shared Task: Multilingual Parsing from Raw Text to Universal Dependencies},
  booktitle = {Proceedings of the CoNLL 2017 Shared Task: Multilingual Parsing from Raw Text to Universal Dependencies},
  month     = {August},
  year      = {2017},
  address   = {Vancouver, Canada},
  publisher = {Association for Computational Linguistics},
  pages     = {1--19},
  url       = {http://www.aclweb.org/anthology/K17-3001}
}

@InProceedings{yu2017parse,
  author    = {Yu, Kuan  and  Sofroniev, Pavel  and  Schill, Erik  and  Hinrichs, Erhard},
  title     = {The parse is darc and full of errors: Universal dependency parsing with transition-based and graph-based algorithms},
  booktitle = {Proceedings of the CoNLL 2017 Shared Task: Multilingual Parsing from Raw Text to Universal Dependencies},
  month     = {August},
  year      = {2017},
  address   = {Vancouver, Canada},
  publisher = {Association for Computational Linguistics},
  pages     = {126--133},
  url       = {http://www.aclweb.org/anthology/K17-3013}
}
